

@article{rexer2013,
  title={Data Miner Survey-2013 Survey Summary Report},
  author={Rexer, K},
  journal={Rexer Analytics, Winchester},
  year={2013}
}


@online{KDnuggets2013,
  author = {KDnuggets},
  title = {Top Languages for analytics, data mining, data science},
  year = 2013,
  url = {http://www.kdnuggets.com/2013/08/languages-for-analytics-data-mining-data-science.html},
  urldate = {2013-8-11}
}

@inproceedings{wegener2007gridr,
  title={GridR: An R-based grid-enabled tool for data analysis in ACGT clinico-genomics trials},
  author={Wegener, Dennis and Sengstag, Thierry and Sfakianakis, Stelios and Ruping, Stefan and Assi, Anthony},
  booktitle={e-Science and Grid Computing, IEEE International Conference on},
  pages={228--235},
  year={2007},
  organization={IEEE}
}


@article{wegener2009gridr,
  title={GridR: An R-based tool for scientific data analysis in grid environments},
  author={Wegener, Dennis and Sengstag, Thierry and Sfakianakis, Stelios and R{\"u}ping, Stefan and Assi, Anthony},
  journal={Future Generation Computer Systems},
  volume={25},
  number={4},
  pages={481--488},
  year={2009},
  publisher={Elsevier}
}


@inproceedings{pordes2007open,
  title={The open science grid},
  author={Pordes, Ruth and Petravick, Don and Kramer, Bill and Olson, Doug and Livny, Miron and Roy, Alain and Avery, Paul and Blackburn, Kent and Wenaus, Torre and W{\"u}rthwein, Frank and others},
  booktitle={Journal of Physics: Conference Series},
  volume={78},
  number={1},
  pages={012057},
  year={2007},
  organization={IOP Publishing}
}

@inproceedings{weitzel2014accessing,
  title={Accessing opportunistic resources with Bosco},
  author={Weitzel, D and Sfiligoi, I and Bockelman, B and Frey, J and Wuerthwein, F and Fraser, D and Swanson, D},
  booktitle={Journal of Physics: Conference Series},
  volume={513},
  number={3},
  pages={032105},
  year={2014},
  organization={IOP Publishing}
}


@misc{xsede,
    title = {Extreme Science and Engineering Discovery Environment (XSEDE)},
    url = {http://www.xsede.org}
}

@article{racine2012rstudio,
  title={RStudio: A Platform-Independent IDE for R and Sweave},
  author={Racine, Jeffrey S},
  journal={Journal of Applied Econometrics},
  volume={27},
  number={1},
  pages={167--172},
  year={2012},
  publisher={Wiley Online Library}
}


@article{team2012r,
  title={R: A language and environment for statistical computing},
  author={Team, R Core and others},
  year={2012},
  publisher={R Foundation for Statistical Computing, Vienna, Austria. ISBN}
}

